@article{disinfectant,
  title = {Succession and persistence of microbial communities and antimicrobial resistance genes associated with International Space Station environmental surfaces},
  publisher = {BioMed Central},
  journal = {Microbiome},
  volume = {6},
  issue = {1},
  pages = {204},
  issn = {2049-2618},
  author = {Nitin Kumar Singh and Jason M Wood and Fathi Karouia and Kasthuri Venkateswaran},
  doi = {10.1186/s40168-018-0585-2},
  year = {2018}
}
@misc{soap,
  title = {SunSmile Fruit \& Vegetable Rinse},
  publisher = {Sunrider},
  url = {https://home.sunrider.com/corporphan/product/394/SMFRUITEVEGERIN-US}
}
@misc{hedonic,
  title = {The 9-point Hedonic Scale},
  publisher = {Society of Sensory Professionals},
  url = {https://www.sensorysociety.org/knowledge/sspwiki/Pages/The\%209-point\%20Hedonic\%20Scale.aspx}
}
@misc{platecount,
  title={BAM Chapter 3: Aerobic Plate Count},
  publisher={U.S. Food \& Drug Administration},
  year = {2001},
  author = {Larry Maturin and James T. Peeler},
  url={https://www.fda.gov/food/laboratory-methods-food/bam-chapter-3-aerobic-plate-count}
}
@misc{shipping,
  title={How to Ship Perishables},
  publisher={FedEx},
  url={https://www.fedex.com/en-us/shipping/how-to-ship-perishables.html}
}