@misc{insulation,
    author="Wai Lee, Sau
    and Haw Lim, Chin
    and Salleh, Elias",
    month = {11},
    year = {2016},
    title = {{Reflective thermal insulation systems in building: A review on radiant barrier and reflective insulation}},
    doi = {10.1016/j.rser.2016.07.002}
}
@misc{aeroponics,
    organization = "{NASA}",
    title = "{NASA Spinoff 2006}",
    url = {https://www.nasa.gov/pdf/164449main_spinoff_06.pdf},
    year = {2006},
    pages = {64-67}
}
@misc{silica,
  author       = "Nall, Rachel
  and Carter, Alan",
  title        = {{What Happens If You Eat Silica Gel?}},
  publisher    = {Healthline},
  year         = {2020}
}
@misc{plantbased,
  author       = "Arnarson, Atli",
  title        = {{7 Nutrients That You Canâ€™t Get from Plants}},
  publisher    = {Healthline},
  year         = {2021}
}
@misc{quinoa,
  author       = "Schlick, Greg and Bubenheim, David L.",
  title        = {{Quinoa: An emerging new crop with potential for CELSS}},
  day          = {1},
  month        = {11},
  year         = {1993}
}
@misc{microgreens1,
  author       = "Petre, Alina",
  title        = {{Microgreens: All You Ever Wanted to Know
}},
  publisher    = {Healthline},
  day          = {6},
  month        = {3},
  year         = {2018}
}
@misc{microgreens2,
  author       = "Warner, Jennifer",
  title        = {{Tiny Microgreens Packed With Nutrients
}},
  publisher    = {WebMD},
  day          = {31},
  month        = {8},
  year         = {2012}
}
@misc{soybeans,
  author       = "Arnarson, Atli",
  title        = {{Soybeans 101: Nutrition Facts and Health Effects
}},
  publisher    = {Healthline},
  day          = {20},
  month        = {3},
  year         = {2019}
}
@misc{spinach,
  author       = "Gunnars, Kris",
  title        = {{Spinach 101: Nutrition Facts and Health Benefits
}},
  publisher    = {Healthline},
  day          = {14},
  month        = {5},
  year         = {2019}
}