\@misc{insulation,
  publisher    = {PlastiFab},
  title        = {{DuroSpanÂ® GPS R5 Insulation}},
  url          = {https://www.plastifab.com/products/durospan-gps-insulation/durospan-gps-r5.html}
}
\@misc{sht31,
  publisher    = {Adafruit},
  title        = {{Adafruit Sensirion SHT31-D - Temperature \& Humidity Sensor}},
  url          = {https://www.adafruit.com/product/2857}
}