@misc{insulation,
  publisher    = {PlastiFab},
  title        = {{DuroSpanÂ® GPS R5 Insulation}},
  url          = {https://www.plastifab.com/products/durospan-gps-insulation/durospan-gps-r5.html}
}
@misc{sht31,
  publisher    = {Adafruit},
  title        = {{Adafruit Sensirion SHT31-D - Temperature \& Humidity Sensor}},
  url          = {https://www.adafruit.com/product/2857}
}
@misc{co2sensor,
  publisher    = {Senseair},
  title        = {{Senseair K30 Extended Range}},
  url          = {https://rmtplusstoragesenseair.blob.core.windows.net/docs/publicerat/PSP110.pdf}
}
@misc{raspberrypi,
  publisher    = {Raspberry Pi Foundation},
  title        = {{Raspberry Pi Zero 2 W}},
  url          = {https://www.raspberrypi.com/products/raspberry-pi-zero-2-w/}
}
@misc{arduino,
  publisher    = {Arduino},
  title        = {{Arduino Nano}},
  url          = {https://store-usa.arduino.cc/products/arduino-nano}
}
@misc{camera,
  publisher    = {Raspberry Pi Foundation},
  title        = {{Raspberry Pi Camera Module 2}},
  url          = {https://www.raspberrypi.com/products/camera-module-v2/}
}
@misc{peltier,
  publisher    = {CUI Devices},
  title        = {{CP85H Series Datasheet - Single-Stage Peltier Modules}},
  url          = {https://www.cuidevices.com/product/resource/cp85h.pdf}
}
@misc{desiccant,
  publisher    = {McMaster-Carr},
  title        = {{Indicating Bulk Silica Gel Desiccant}},
  url          = {https://www.mcmaster.com/2181K93/}
}
@misc{filter,
  publisher    = {McMaster-Carr},
  title        = {{Panel Air Filters, MERV 13}},
  url          = {https://www.mcmaster.com/3881t101/}
}
@misc{colorsensor,
  publisher    = {Adafruit},
  title        = {{Adafruit TCS34725 RGB Color Sensor w/ IR filter and White LED}},
  url          = {https://www.adafruit.com/product/1334}
}
@misc{led_xpe2,
  publisher    = {CREE LED},
  title        = {{XLamp XP-E2 LEDs - Product Family Data Sheet}},
  url          = {https://cree-led.com/media/documents/XLampXPE2.pdf}
}
@misc{led_xpg3,
  publisher    = {CREE LED},
  title        = {{XLamp XP-G3 LEDs - Product Family Data Sheet}},
  url          = {https://cree-led.com/media/documents/XLamp-XPG3.pdf}
}
@misc{leddriver,
  publisher    = {MEAN WELL},
  title        = {{LDD-H Series - DC-DC Constant Current Step-Down LED driver}},
  url          = {https://www.meanwellusa.com/upload/pdf/LDD-H/LDD-H-spec.pdf}
}
@misc{dyneema,
  publisher    = {Ripstop By The Roll},
  title        = {{}},
  url          = {https://ripstopbytheroll.com/products/1-43-oz-dyneema-composite-fabric-ct5k-18}
}
@article{uvecoli,
  title = {Effects of single and combined UV-LEDs on inactivation and subsequent reactivation of E. coli in water disinfection},
  journal = {Water Research},
  volume = {147},
  pages = {331-341},
  year = {2018},
  issn = {0043-1354},
  doi = {https://doi.org/10.1016/j.watres.2018.10.014},
  url = {https://www.sciencedirect.com/science/article/pii/S004313541830808X},
  author = {Paul Onkundi Nyangaresi and Yi Qin and Guolong Chen and Baoping Zhang and Yinghua Lu and Liang Shen}
}
@misc{thermo-falstad,
  title        = {{Falstad Circuit Simulation - Thermoelectric Driver Circuit}},
  url          = {https://tinyurl.com/2e7n45mj}
}