\@misc{insulation,
  publisher    = {PlastiFab},
  title        = {{DuroSpanÂ® GPS R5 Insulation}},
  url          = {https://www.plastifab.com/products/durospan-gps-insulation/durospan-gps-r5.html}
}
\@misc{sht31,
  publisher    = {Adafruit},
  title        = {{Adafruit Sensirion SHT31-D - Temperature \& Humidity Sensor}},
  url          = {https://www.adafruit.com/product/2857}
}
@misc{peltier,
  author       = {CUI Devices},
  publisher    = {DigiKey},
  title        = {CP854345H Peltier Module - 40x40x3.45m 77.1W}
}
@misc{thermo-falstad,
  title        = {{Falstad Circuit Simulation - Thermoelectric Driver Circuit}},
  url          = {https://www.falstad.com/circuit/circuitjs.html?ctz=CQAgjCAMB0l3BWcBOaAOAbAdgCwCYsBmHMBMHZNQkQjEJHahAUwFowwAoAJRFYxzgMkPmDxohIkXhAVp0JHgVQoCzgCdwOQeUF4cI3SrDD4kTgGMQ+w9usH7U8LDOvXYNlhBZoWBFmQ8BGQQvEgcBCCkc1oJGy09B2Q6KQ1ROhN0kDQnMFdOADM+AUkskxFCGTBlGEg8TgB3azQJEvEJDhlzJvaExz7urPj2DKwUxqGHfkTUzWn++fKVHCw4TgAPdMMwalZI8EydGQAFAHUAWQAdAGcAYQB7ADsAF3V7gBsbgGUASwBzR4AQ3eGxoDgQDBwdAQEiOIAAqo8fs8AJ6sADigJ+jxuAEEALYAB3ePwKP2Y6lB5FG1DwYGQ4DGsnAMm4txuABl7g1WMdAddrqD2IRaZA6KwsF4wgzBBJMc9mDdjgBXd7vVgAEW5jypK3AaC8YDQDPpIll4AAEgAvG63ZXPVgAeQKBU4BmoyRoMjw+hAnoqAH0TAHIEHCGQsGAA3gMNBqeQYWQyDkcNHY-GImgk0bwiHowHCAWhSYIGJxVgOngZdl6AA1AA0NwAko8AG4UhUAExuGvtKNtKIs72YQtlIgw1CozLiAHpCDdax9noC-orrhqfq2fp2KZxYtlbGO-SkoBMRn0cgM3ZBqIZhCy4r7DMgC3g87FVtHQ2J0Hm3-SiwMBlejEWE4AfcBVBPWo8EIPI3Dcb1rzNSoIIoDJxEgyAbjAG52BwXxxGwPw-CrbBIhuGAMGQSNICwKtMB9GighwuAbh3ApAVVZ4oBwvDSGgfB-DQHADUIZB6XonBKPQEwViIZBIByDBqMoVjsOuDiuPeHiuCadDSgMoxBiM+9Ig6e9BnM0prJKcxNhIQRkEEUSJBo6cQAAOWOTye0BdQSUeP5niePEiQmS8jCiuxzE0UyzU9eJDDUfTUNA2RwPSqzMLaFoQDs4tkF2OC+H8PhMMSEBfgBYFvmXVdQRICBWCrehRPKuhKuObkKTqlcRwAI1EQIsgMKUVNPIaxqyIg9Am+z6FayT6AhaxwLhLlAU7a8mBGsAmXo6QHGkF9gywMMI0LPIA1jVNvyDYRQQQBw8joDBfTyasJE27trkXHT+puAAxZhmE7AbAQsABrM9MnieHjomBGKlofpBhFDJ7wxtGJmx+JGG9RG-lkRLwXvJLTyabHPWxzITM9ToScxymmaEGhUbp3GOfFTJOd4c9MnYTC6eWI6VCkNQ5kyS9WE9S9pHyYnZboGXGfllnz1VjIYr3DAJFswRrJF8x3XoJlMlWI8REiB68x2Z6YwDAwgyUNA-wDG3CFBYhZToQgiGyL6QEdQkwsJb3GD9CRaENSAIHNDlzkqHBGtIcBwlkSO8i8c08E8icWjSAm0NQimVjWVLCYSugkqFBBqB2cUCHAcSPKbbggYALW0b2MFLA1ZH2lAzRrAAhfk1xVNVNW1TggA}
}